@article{huhn2022impact,
  title     = {The impact of wearable technologies in health research: scoping review},
  author    = {Huhn, Sophie and Axt, Miriam and Gunga, Hanns-Christian and Maggioni, Martina Anna and Munga, Stephen and Obor, David and Si{\'e}, Ali and Boudo, Valentin and Bunker, Aditi and Sauerborn, Rainer and others},
  journal   = {JMIR mHealth and uHealth},
  volume    = {10},
  number    = {1},
  pages     = {e34384},
  year      = {2022},
  publisher = {JMIR Publications Toronto, Canada}
}

@inproceedings{jin2019review,
  title        = {A review of AI Technologies for Wearable Devices},
  author       = {Jin, Chun Yu},
  booktitle    = {IOP Conference Series: Materials Science and Engineering},
  volume       = {688},
  number       = {4},
  pages        = {044072},
  year         = {2019},
  organization = {IOP Publishing}
}

@article{buddha2023future,
  title   = {The Future Of Healthcare: Artificial Intelligence's Role In Smart Hospitals And Wearable Health Devices},
  author  = {Buddha, Govind Prasad and Pulimamidi, Rahul},
  journal = {Tuijin Jishu/Journal of Propulsion Technology},
  volume  = {44},
  number  = {5},
  pages   = {2498--2504},
  year    = {2023}
}

@article{junaid2022recent,
  title     = {Recent advances in artificial intelligence and wearable sensors in healthcare delivery},
  author    = {Junaid, Sahalu Balarabe and Imam, Abdullahi Abubakar and Abdulkarim, Muhammad and Surakat, Yusuf Alhaji and Balogun, Abdullateef Oluwagbemiga and Kumar, Ganesh and Shuaibu, Aliyu Nuhu and Garba, Aliyu and Sahalu, Yusra and Mohammed, Abdullahi and others},
  journal   = {Applied Sciences},
  volume    = {12},
  number    = {20},
  pages     = {10271},
  year      = {2022},
  publisher = {MDPI}
}

@article{kruse2017cybersecurity,
  title     = {Cybersecurity in healthcare: A systematic review of modern threats and trends},
  author    = {Kruse, Clemens Scott and Frederick, Benjamin and Jacobson, Taylor and Monticone, D Kyle},
  journal   = {Technology and Health Care},
  volume    = {25},
  number    = {1},
  pages     = {1--10},
  year      = {2017},
  publisher = {IOS Press}
}

@misc{GDPR2016,
  title        = {Regulation (EU) 2016/679 of the European Parliament and of the Council of 27 April 2016 on the protection of natural persons with regard to the processing of personal data and on the free movement of such data, and repealing Directive 95/46/EC (General Data Protection Regulation)},
  howpublished = {\url{https://eur-lex.europa.eu/eli/reg/2016/679/oj}},
  year         = {2016},
  note         = {Accessed: [02/05/2024]}
}

@article{ning2020mobile,
  title     = {Mobile edge computing enabled 5G health monitoring for Internet of medical things: A decentralized game theoretic approach},
  author    = {Ning, Zhaolong and Dong, Peiran and Wang, Xiaojie and Hu, Xiping and Guo, Lei and Hu, Bin and Guo, Yi and Qiu, Tie and Kwok, Ricky YK},
  journal   = {IEEE Journal on Selected Areas in Communications},
  volume    = {39},
  number    = {2},
  pages     = {463--478},
  year      = {2020},
  publisher = {IEEE}
}

@article{liu2024integrating,
  title     = {Integrating FPGA-based hardware acceleration with relational databases},
  author    = {Liu, Ke and Tong, Haonan and Sun, Zhongxiang and Ren, Zhixin and Huang, Guangkui and Zhu, Hongyin and Liu, Luyang and Lin, Qunyang and Zhang, Chuang},
  journal   = {Parallel Computing},
  pages     = {103064},
  year      = {2024},
  publisher = {Elsevier}
}

@article{pool2024systematic,
  title     = {A systematic analysis of failures in protecting personal health data: a scoping review},
  author    = {Pool, Javad and Akhlaghpour, Saeed and Fatehi, Farhad and Burton-Jones, Andrew},
  journal   = {International Journal of Information Management},
  volume    = {74},
  pages     = {102719},
  year      = {2024},
  publisher = {Elsevier}
}

@article{heiligenstein2022microsoft,
  title   = {Microsoft Data Breaches: Full Timeline Through 2023},
  author  = {Heiligenstein, M},
  journal = {Firewall Times},
  year    = {2022}
}

@article{wood2020outcomes,
  title     = {Outcomes of a rapid adolescent telehealth scale-up during the COVID-19 pandemic},
  author    = {Wood, Sarah M and White, Krishna and Peebles, Rebecka and Pickel, Julia and Alausa, Maryam and Mehringer, Jamie and Dowshen, Nadia},
  journal   = {Journal of Adolescent Health},
  volume    = {67},
  number    = {2},
  pages     = {172--178},
  year      = {2020},
  publisher = {Elsevier}
}